%% This BibTeX bibliography file was created using BibDesk.
%% http://bibdesk.sourceforge.net/


%% Created for Alex Afanasyev at 2014-07-20 18:31:33 -0700 


%% Saved with string encoding Unicode (UTF-8) 



@inproceedings{ChronoSync,
	Address = {Goettingen, Germany},
	Author = {Zhenkai Zhu and Alexander Afanasyev},
	Booktitle = {Proceedings of the 21st IEEE International Conference on Network Protocols (ICNP 2013)},
	Date-Added = {2014-07-21 01:16:19 +0000},
	Date-Modified = {2014-07-21 01:16:26 +0000},
	Month = {October},
	Title = {Let's {ChronoSync}: Decentralized Dataset State Synchronization in {Named Data Networking}},
	Url = {http://icnp13.informatik.uni-goettingen.de/index.html},
	Year = {2013},
	Bdsk-Url-1 = {http://icnp13.informatik.uni-goettingen.de/index.html}}

@techreport{nfd,
	Author = {Alexander Afanasyev and Junxiao Shi and Beichuan Zhang and Lixia Zhang and others},
	Date-Added = {2014-07-21 01:11:15 +0000},
	Date-Modified = {2014-07-21 01:13:03 +0000},
	Institution = {NDN},
	Month = {July},
	Number = {NDN-0021},
	Title = {{NFD} Developer's Guide},
	Type = {Technical Report},
	Url = {http://named-data.net/techreports.html},
	Year = {2014},
	Bdsk-Url-1 = {http://named-data.net/techreports.html}}

@misc{ndn-tlv,
	Author = {{NDN Project Team}},
	Date-Added = {2014-07-20 23:03:08 +0000},
	Date-Modified = {2014-07-21 01:31:33 +0000},
	Howpublished = {Online: \url{http://named-data.net/doc/ndn-tlv/}},
	Title = {{NDN} Packet Format Specification (version 0.1.1)},
	Year = {2014}}

@misc{signed-interest,
	Author = {NFD Team},
	Date-Added = {2014-07-20 23:01:19 +0000},
	Date-Modified = {2014-07-20 23:01:43 +0000},
	Howpublished = {Online: \url{http://redmine.named-data.net/projects/ndn-cxx/wiki/SignedInterest}},
	Month = {2014},
	Title = {{Signed Interest}}}

@misc{ccnx-naming-conventions,
	Author = {{CCNx Project}},
	Date-Added = {2014-07-20 22:24:21 +0000},
	Date-Modified = {2014-07-20 22:25:39 +0000},
	Howpublished = {Online: \url{http://www.ccnx.org/releases/latest/doc/technical/NameConventions.html}},
	Month = {2013},
	Title = {{CCNx} Basic Name Conventions}}
